@Misc{Cermak2018,
        author =        "Tomáš KRAMNÝ and Petr ČERMÁK",
        title =         "Technologie IoT",
        howpublished =  "[online]",
        year =          "2018",
        note =          "[cit. 9.\,4.\,2020]",
        url =           {https://mvso.cz/wp-content/uploads/2018/02/Technologie-IoT-studijn%c3%ad-text.pdf},
}

@InBook{Serpanos2018,
        author =        "Dimitrios SERPANOS and Marilyn WOLF",
        title =         "Internet-of-Things (IoT) System",
        pages =         "39--62",
        address =	"Cham",
        isbn =          "978-3-319-69715-4",
        year =          "2018",
        publisher =     "Springer International Publishing AG",
}

@MastersThesis{Badurova2019,
        author =        "Zuzana BAĎUROVÁ",
        title =         "Řízení rizik spojených s implementací chytrých technologií do podnikových procesů",
        address =	"Brno",
        year =          "2019",
        school =        "Vysoké učení technické v Brně. Ústav soudního inženýrství",
        type =          "Diplomová práce",
}

@MastersThesis{Fara2019,
        author =        "Michael FARA",
        title =         "IoT zařízení v Průmyslu 4.0",
        address =	"Brno",
        year =          "2017",
        school =        "Vysoké učení technické v Brně. Fakulta strojního inženýrství",
        type =          "Bakalářská práce",
}

@InProceedings{Kodym2016,
        author =        "Oldrich KODYM and Libor KAVKA and Michal SEDLACEK",
        title =         "SIMULATION OF LOGISTICS CHAIN INFORMATION SYSTEM",
        pages =         "375--382",
        booktitle =     "International Multidisciplinary Scientific GeoConference : SGEM",
        address =	"Sofia",
        issn =          "13142704",
        howpublished =  "[online]",
        year =          "4. března 2020",
        note =          "[cit. 10.\,4.\,2020]",
        publisher =     "Surveying Geology \& Mining Ecology Management (SGEM)",
        url =           {http://search.proquest.com/docview/2014388718/},
}

@Article{Silva2020,
        author =        "F. S. T. da SILVA and C. D. P. CROVATO",
        title =         "Looking at energy through the lens of Industry 4.0: A systematic literature review of concerns and challenges",
        journal =	"Computers and Industrial Engineering",
        volume =        "2020",
        note =          "[cit. 10.\,4.\,2020]",
        number =        "143",
        issn =          "03608352",
        url =           "https://www-sciencedirect-com.ezproxy.lib.vutbr.cz/science/article/pii/S0360835220301601",
}

@InProceedings{Nagpal2020,
        author =        "C. NAGPAL and P. K. UPADHYAY",
        title =         "IIoT Based Smart Factory 4.0 over the Cloud",
        pages =         "668-673",
        booktitle =     "2019 International Conference on Computational Intelligence and Knowledge Economy (ICCIKE)",
        address =	"Dubai",
        isbn =          "978-172813778-0",
        year =          "2019",
        publisher =     "Institute of Electrical \& Electronics Engineers Inc.",
}

@Misc{Vavra2020,
        author =        "{IoT Portál Brána do světa internetu věcí}",
        title =         "Ne všechny platformy IIoT jsou stejné",
        howpublished =  "[online]",
        year =          "rev. 3. dubna 2020",
        note =          "[cit. 10.\,4.\,2020]",
        url =           {https://www.iot-portal.cz/2020/04/03/ne-vsechny-platformy-iiot-jsou-stejne/},
}

@Misc{Cicvakova2017,
        author =        "{Národní ústav pro vzdělání}",
        title =         "Část 1: Průmysl 4.0 a jeho vliv na svět práce",
        howpublished =  "[online]",
        year =          "2017",
        note =          "[cit. 10.\,4.\,2020]",
        url =           {http://www.nuv.cz/vystupy/cast-1-prumysl-4-0-a-jeho-vliv-na-svet-prace},
}

@Misc{Helios2017,
        author =        "{Helios}",
        title =         "Vše, co jste si přáli vědět o Průmyslu 4.0, ale báli jste se zeptat",
        howpublished =  "[online]",
        year =          "rev. 25. dubna 2017",
        note =          "[cit. 10.\,4.\,2020]",
        url =           {https://blog.helios.eu/cz/clanky/vse-co-jste-si-prali-vedet-o-prumyslu-40-ale-bali-jste-se-ze/},
}

